

%%% A

@misc{DDT,
    key    = {DDT},
    title     = {{DDT} debugger},
    howpublished = {\url{https://www.allinea.com/products/ddt}},
}

@inproceedings{DBLP:conf/sigsoft/AlfaroH01,
  author    = {Luca de Alfaro and
               Thomas A. Henzinger},
  title     = {Interface automata},
  booktitle = {Proceedings of the 8th European Software Engineering Conference held
               jointly with 9th {ACM} {SIGSOFT} International Symposium on Foundations
               of Software Engineering 2001, Vienna, Austria, September 10-14, 2001},
  pages     = {109--120},
  year      = {2001},
   
  url       = {http://doi.acm.org/10.1145/503209.503226},
  doi       = {10.1145/503209.503226},
  timestamp = {Thu, 10 Dec 2015 15:02:38 +0100},
  biburl    = {http://dblp.uni-trier.de/rec/bib/conf/sigsoft/AlfaroH01},
  bibsource = {dblp computer science bibliography, http://dblp.org}
}

@misc{Bamboo,
    key    = {Atlassian},
    title     = {Bamboo},
    howpublished = {\url{https://www.atlassian.com/software/bamboo}},
}

%%% B

@inproceedings{DBLP:conf/popl/BaoKPRS16,
  author    = {Wenlei Bao and
               Sriram Krishnamoorthy and
               Louis{-}No{\"{e}}l Pouchet and
               Fabrice Rastello and
               P. Sadayappan},
  title     = {PolyCheck: dynamic verification of iteration space transformations
               on affine programs},
  booktitle = {Proceedings of the 43rd Annual {ACM} {SIGPLAN-SIGACT} Symposium on
               Principles of Programming Languages, {POPL} 2016, St. Petersburg,
               FL, USA, January 20 - 22, 2016},
  pages     = {539--554},
  year      = {2016},
  url       = {http://doi.acm.org/10.1145/2837614.2837656},
  doi       = {10.1145/2837614.2837656},
  timestamp = {Wed, 09 Mar 2016 08:11:59 +0100},
  biburl    = {http://dblp.uni-trier.de/rec/bib/conf/popl/BaoKPRS16},
  bibsource = {dblp computer science bibliography, http://dblp.org}
}

@unpublished{BEGGHS16,
title="Formal Certification of Randomized Algorithms",
author={Gilles Barthe and Thomas Espitau and marco Gaboardi and Benjamin Gregoire and Justin Hsu and Pierre-Yves Strub},
howpublished={https://justinh.su/files/papers/ellora.pdf}
}

@article{baumgartner2005synthesis,
  title={Synthesis of high-performance parallel programs for a class of ab initio quantum chemistry models},
  author={Baumgartner, Gerald and Auer, Alexander and Bernholdt, David E and Bibireata, Alina and Choppella, Venkatesh and Cociorva, Daniel and Gao, Xiaoyang and Harrison, Robert J and Hirata, So and Krishnamoorthy, Sriram and Krishnan, Sandhya and Chi-chung Lam and Qingda Lu and M. Nooijen and Russell M. Pitzer and J. Ramanujam and P. Sadayappan and A. Sibiryakov},
  journal={Proceedings of the IEEE},
  volume={93},
  number={2},
  pages={276--292},
  year={2005},
  publisher={IEEE}
}

@book{bertot2013interactive,
  title={Interactive theorem proving and program development: Coqâ€™Art: the calculus of inductive constructions},
  author={Bertot, Yves and Cast{\'e}ran, Pierre},
  year={2013},
  publisher={Springer Science \& Business Media}
}

@inproceedings{boldo2011flocq,
  title={Flocq: A unified library for proving floating-point algorithms in Coq},
  author={Boldo, Sylvie and Melquiond, Guillaume},
  booktitle={Computer Arithmetic (ARITH), 2011 20th IEEE Symposium on},
  pages={243--252},
  year={2011},
  organization={IEEE}
}

@article{boldo2013wave,
  title={Wave equation numerical resolution: a comprehensive mechanized proof of a C program},
  author={Boldo, Sylvie and Cl{\'e}ment, Fran{\c{c}}ois and Filli{\^a}tre, Jean-Christophe and Mayero, Micaela and Melquiond, Guillaume and Weis, Pierre},
  journal={Journal of Automated Reasoning},
  volume={50},
  number={4},
  pages={423--456},
  year={2013},
  publisher={Springer}
}

@misc{BoostTests,
    key    = {Boost},
    title     = {Boost Test Library},
    howpublished = {\url{http://www.boost.org}},
}

@inproceedings{bowers2006scalable,
  title={Scalable algorithms for molecular dynamics simulations on commodity clusters},
  author={Bowers, Kevin J and Chow, Edmond and Xu, Huafeng and Dror, Ron O and Eastwood, Michael P and Gregersen, Brent A and Klepeis, John L and Kolossvary, Istvan and Moraes, Mark A and Sacerdoti, Federico D and others},
  booktitle={Proceedings of the 2006 ACM/IEEE conference on Supercomputing},
  pages={84},
  year={2006},
  organization={ACM}
}

@inproceedings{bowers2009advances,
  title={Advances in petascale kinetic plasma simulation with VPIC and Roadrunner},
  author={Bowers, Kevin J and Albright, Brian J and Yin, Lin and Daughton, W and Roytershteyn, Vadim and Bergen, Ben and Kwan, TJT},
  booktitle={Journal of Physics: Conference Series},
  year={2009},
  organization={IOP Publishing}
}




@INPROCEEDINGS{Bronevetsky2012, 
author={G. Bronevetsky and I. Laguna and B. R. de Supinski and S. Bagchi}, 
booktitle={IEEE/IFIP International Conference on Dependable Systems and Networks (DSN 2012)}, 
title={Automatic fault characterization via abnormality-enhanced classification}, 
year={2012}, 
pages={1-12}, 
ISSN={1530-0889}, 
month={June},
}



@inproceedings{DBLP:conf/asplos/BurckhardtKMN10,
  author    = {Sebastian Burckhardt and
               Pravesh Kothari and
               Madanlal Musuvathi and
               Santosh Nagarakatte},
  title     = {A randomized scheduler with probabilistic guarantees of finding bugs},
  booktitle = {Proceedings of the 15th International Conference on Architectural
               Support for Programming Languages and Operating Systems, {ASPLOS}
               2010, Pittsburgh, Pennsylvania, USA, March 13-17, 2010},
  pages     = {167--178},
  year      = {2010},
  crossref  = {DBLP:conf/asplos/2010},
  url       = {http://doi.acm.org/10.1145/1736020.1736040},
  doi       = {10.1145/1736020.1736040},
  timestamp = {Thu, 18 Mar 2010 15:33:26 +0100},
  biburl    = {http://dblp.uni-trier.de/rec/bib/conf/asplos/BurckhardtKMN10},
  bibsource = {dblp computer science bibliography, http://dblp.org}
}

%%% C


@article{klee:osdi:2008,
	Author = {Cristian Cadar and Daniel Dunbar and Dawson Engler},
	Date-Added = {2011-08-19 01:19:19 +0000},
	Date-Modified = {2011-08-19 01:19:19 +0000},
	Journal = {Proc. 8th USENIX Symposium on Operating Systems Design and Implementation},
	Title = {{KLEE}: Unassisted and Automatic Generation of High-Coverage Tests for Complex Systems Programs},
	Year = {2008}}


@Article{CACM'13, 
author = {Cristian Cadar and Koushik Sen},
title = {Symbolic Execution for Software Testing: Three Decades Later},
year = {2013},
volume = {56},
number = {2},
pages = {82--90},
month = {February},
journal = {Communications of the ACM},
publisher = {ACM Press},
    myconfname={CACM},
  myconfurl={http://cacm.acm.org/magazines/2013/2},
    pdf={papers/cacm13.pdf}

}



@techreport{Cappello-improving-trust-TR,
howpublished = {http://www.mcs.anl.gov/papers/ANL/MCS-TM-352.pdf},
author = {Franck	Cappello	and	  	Emil	Constantinescu and	Paul	Hovland and	
Carolyn	Phillips and	Marc	Snir and	and	Stefan	Wild},
title = {Improving	the	trust	in	results	of	numerical	simulations	and	scientific	
data	analytics	},
year = 2015,
note = {Also see
\url{https://jlesc.github.io/downloads/5th-workshop/jlesc-school-slides/Trust-summer-school.pdf}}
}

@proceedings{DBLP:conf/popl/2017,
  editor    = {Giuseppe Castagna and
               Andrew D. Gordon},
  title     = {Proceedings of the 44th {ACM} {SIGPLAN} Symposium on Principles of
               Programming Languages, {POPL} 2017, Paris, France, January 18-20,
               2017},
  publisher = {{ACM}},
  year      = {2017},
  url       = {http://doi.acm.org/10.1145/3009837},
  doi       = {10.1145/3009837},
  isbn      = {978-1-4503-4660-3},
  timestamp = {Wed, 28 Dec 2016 13:17:00 +0100},
  biburl    = {http://dblp.uni-trier.de/rec/bib/conf/popl/2017},
  bibsource = {dblp computer science bibliography, http://dblp.org}
}

@misc{certikos,
key = {Certikos},
title = {CertiKOS: {Certified Kit Operating System}},
howpublished = {\url{http://flint.cs.yale.edu/certikos/}}
}

@inproceedings{chakraborty2016,
  title={Validating optimizations of concurrent C/C++ programs},
  author={Chakraborty, Soham and Vafeiadis, Viktor},
  booktitle={Code Generation and Optimization (CGO), 2016 IEEE/ACM International Symposium on},
  pages={216--226},
  year={2016},
  organization={IEEE}
}

@inproceedings{chen2015using,
  title={Using Crash Hoare logic for certifying the FSCQ file system},
  author={Chen, Haogang and Ziegler, Daniel and Chajed, Tej and Chlipala, Adam and Kaashoek, M Frans and Zeldovich, Nickolai},
  booktitle={Proceedings of the 25th Symposium on Operating Systems Principles},
  pages={18--37},
  year={2015},
  organization={ACM}
}



@inproceedings{DBLP:conf/popl/ChiangBBSGR17,
  author    = {Wei{-}Fan Chiang and
               Mark Baranowski and
               Ian Briggs and
               Alexey Solovyev and
               Ganesh Gopalakrishnan and
               Zvonimir Rakamaric},
  title     = {Rigorous floating-point mixed-precision tuning},
  booktitle = {Proceedings of the 44th {ACM} {SIGPLAN} Symposium on Principles of
               Programming Languages, {POPL} 2017, Paris, France, January 18-20,
               2017},
  pages     = {300--315},
  year      = {2017},

  url       = {http://dl.acm.org/citation.cfm?id=3009846},
  timestamp = {Wed, 28 Dec 2016 13:22:29 +0100},
  biburl    = {http://dblp.uni-trier.de/rec/bib/conf/popl/ChiangBBSGR17},
  bibsource = {dblp computer science bibliography, http://dblp.org}
}

@inproceedings{gpuverify:oopsla13,
author = {Nathan Chong and Alastair F. Donaldson and Paul H. J. Kelly and Jeroen Ketema and Shaz Qadeer},
title = {Barrier Invariants: a Shared State Abstraction for the Analysis of Data-Dependent GPU Kernels},
booktitle = {28th Annual {ACM} {SIGPLAN} Conference on Object-Oriented Programming, Systems, Languages, and Applications (OOPSLA'13)},
year = {2013},
month = {10},
location = {Indianapolis, IN, USA},
pages = {605--622},
}

@book{clarke-grumberg-peled:1999:book,
	Address = {Cambridge},
	Author = {Clarke, Jr., Edmund M. and Orna Grumberg and Doron A. Peled},
	Date-Added = {2008-12-14 11:45:06 -0500},
	Date-Modified = {2008-12-14 11:49:58 -0500},
	Isbn = {0-262-03270-8},
	Publisher = {MIT Press},
	Title = {Model Checking},
	Year = 1999}
    
    
@misc{CLion,
key = {CLion},
title = {{CLion}},
howpublished = {\url{https://www.jetbrains.com/clion}}}
 

@misc{coq,
key = {Coq},
title = {The {Coq} {Proof} {Assistant}},
howpublished={\url{https://coq.inria.fr/}}
}
%%% D


@inproceedings{DeRose:2015,
 author = {DeRose, Luiz and Gontarek, Andrew and Vose, Aaron and Moench, Robert and Abramson, David and Dinh, Minh Ngoc and Jin, Chao},
 title = {Relative Debugging for a Highly Parallel Hybrid Computer System},
 booktitle = {Proceedings of the International Conference for High Performance Computing, Networking, Storage and Analysis},
 series = {SC '15},
 year = {2015},
 isbn = {978-1-4503-3723-6},
 location = {Austin, Texas},
 pages = {63:1--63:12},
 articleno = {63},
 numpages = {12},
 url = {http://doi.acm.org/10.1145/2807591.2807605},
 doi = {10.1145/2807591.2807605},
 acmid = {2807605},
 publisher = {ACM},
 address = {New York, NY, USA},
 keywords = {hybrid programming, parallel debugging, scalability},
} 

@misc{awesome-coq,
    author    = {Ding, Cong and Mondet, Sebastien},
    title     = {A curated list of awesome Coq frameworks, libraries and software},
    howpublished = {https://github.com/uhub/awesome-coq/blob/master/README.md},
}


%%% E


@article{DBLP:journals/jpdc/EdwardsTS14,
  author    = {H. Carter Edwards and
               Christian R. Trott and
               Daniel Sunderland},
  title     = {Kokkos: Enabling manycore performance portability through polymorphic
               memory access patterns},
  journal   = {J. Parallel Distrib. Comput.},
  volume    = {74},
  number    = {12},
  pages     = {3202--3216},
  year      = {2014},
  url       = {http://dx.doi.org/10.1016/j.jpdc.2014.07.003},
  doi       = {10.1016/j.jpdc.2014.07.003},
  timestamp = {Mon, 22 Dec 2014 10:32:45 +0100},
  biburl    = {http://dblp.uni-trier.de/rec/bib/journals/jpdc/EdwardsTS14},
  bibsource = {dblp computer science bibliography, http://dblp.org}
}

@misc{exascale-computing-project,
key = {ecp},
title = {The Exascale Computing Project},
howpublished = {\url{https://exascaleproject.org/exascale-computing-project/}}
}

%%% F

@misc{FLiT,
key={FLiT},
title = {Floating Point Litmus Testing (FLiT) Framework},
howpublished = {\url{www.cs.utah.edu/fv/FLiT/Analysis.html}}
}

%%% G

@inproceedings{dReal,
  author =	 {Gao, Sicun and Kong, Soonho and Clarke, Edmund M.},
  title = {{dReal}: An {SMT} Solver for Nonlinear Theories over the Reals},
  booktitle = {Proceedings of the 24th International Conference on Automated
    Deduction (CADE)},
  year =	 2013,
  pages =	 {208--214},
}


@article{DBLP:journals/cacm/GodefroidLM12,
  author    = {Patrice Godefroid and
               Michael Y. Levin and
               David A. Molnar},
  title     = {{SAGE:} whitebox fuzzing for security testing},
  journal   = {Commun. {ACM}},
  volume    = {55},
  number    = {3},
  pages     = {40--44},
  year      = {2012},
  url       = {http://doi.acm.org/10.1145/2093548.2093564},
  doi       = {10.1145/2093548.2093564},
  timestamp = {Thu, 08 Mar 2012 10:55:06 +0100},
  biburl    = {http://dblp.uni-trier.de/rec/bib/journals/cacm/GodefroidLM12},
  bibsource = {dblp computer science bibliography, http://dblp.org}
}

@misc{GoogleTests,
    key    = {Google},
    title     = {Google {T}ests},
    howpublished = {\url{https://github.com/google/googletest}},
}

@inproceedings{gu2015deep,
  title={Deep specifications and certified abstraction layers},
  author={Gu, Ronghui and Koenig, J{\'e}r{\'e}mie and Ramananandro, Tahina and Shao, Zhong and Wu, Xiongnan Newman and Weng, Shu-Chun and Zhang, Haozhong and Guo, Yu},
  booktitle={ACM SIGPLAN Notices},
  year={2015},
  organization={ACM}
}

@inproceedings{gu2016certikos,
  title={CertiKOS: an extensible architecture for building certified concurrent OS kernels},
  author={Gu, Ronghui and Shao, Zhong and Chen, Hao and Wu, Xiongnan Newman and Kim, Jieung and Sj{\"o}berg, Vilhelm and Costanzo, David},
  booktitle={12th USENIX Symposium on Operating Systems Design and Implementation (OSDI 16)},
  year={2016},
  organization={USENIX Association}
}


%%% H

@article{hirata2003tensor,
  title={Tensor contraction engine: Abstraction and automated parallel implementation of configuration-interaction, coupled-cluster, and many-body perturbation theories},
  author={Hirata, So},
  journal={The Journal of Physical Chemistry A},
  volume={107},
  number={46},
  pages={9887--9897},
  year={2003},
  publisher={ACS Publications}
}

@article{hoare:1969:axiomatic,
	Author = {C. A. R. Hoare},
	Date-Added = {2008-12-11 16:56:06 -0500},
	Date-Modified = {2008-12-11 16:56:43 -0500},
	Journal = {Communications of the ACM},
	Pages = {576--580},
	Title = {An axiomatic basis for computer programming},
	Year = {1969}}


@proceedings{DBLP:conf/asplos/2010,
  editor    = {James C. Hoe and
               Vikram S. Adve},
  title     = {Proceedings of the 15th International Conference on Architectural
               Support for Programming Languages and Operating Systems, {ASPLOS}
               2010, Pittsburgh, Pennsylvania, USA, March 13-17, 2010},
  publisher = {{ACM}},
  year      = {2010},
  isbn      = {978-1-60558-839-1},
  timestamp = {Thu, 18 Mar 2010 15:27:16 +0100},
  biburl    = {http://dblp.uni-trier.de/rec/bib/conf/asplos/2010},
  bibsource = {dblp computer science bibliography, http://dblp.org}
}


@techreport{RAJA-LLNL-TR,
author = {Richard D. Hornung and Jeffrey A. Keasler },
title = {The RAJA Portability Layer:
Overview and Status},
howpublished = {https://e-reports-ext.llnl.gov/pdf/782261.pdf},
year = 2014
}


@inproceedings{hovy2016towards,
  title={Towards automatic and flexible unit test generation for legacy HPC code},
  author={Hovy, Christian and Kunkel, Julian},
  booktitle={Proceedings of the Fourth International Workshop on Software Engineering for HPC in Computational Science and Engineering},
  pages={42--49},
  year={2016},
  organization={IEEE Press}
}

@misc{STACKnews,
    author    = { Larry Hardesty},
    title     = {Dude, whereâ€™s my code?},
    howpublished = {http://news.mit.edu/2013/system-flags-useful-code-compilers-might-discard-1016},
}

@article{hudak1997domain,
  title={Domain-specific languages},
  author={Hudak, Paul},
  journal={Handbook of Programming Languages},
  volume={3},
  number={39-60},
  pages={21},
  year={1997}
}

@inproceedings{MysteriesOfDropbox2016,
  author = {John Hughes and Benjamin C. Pierce and Thomas Arts 
                  and Ulf Norell},
  title = {Mysteries of {D}ropbox: {P}roperty-Based Testing 
                  of a Distributed 
                  Synchronization Service},
  year = 2016,
  booktitle = {International Conference on Software Testing, 
                  Verification and Validation (ICST)},
  month = apr,
  plclub = {Yes},
  bcp = {Yes},
  keys = {verification},
  slides = {http://www.cis.upenn.edu/~bcpierce/papers/ICST-2015-mysteries.pdf},
  short = {http://www.cis.upenn.edu/~bcpierce/papers/mysteriesofdropbox.pdf}
}

@misc{hwu-heterogeneity,
author = {Wen-Mei Hwu},
title = {What is Driving Heterogeneity in HPC?},
howpublished = {\url{https://bluewaters.ncsa.illinois.edu/documents/10157/169216/hwu_heterogeneity.pdf}},
year = 2016
}

%%% I

@misc{Intellij-IDEA,
key = {Intellij-IDEA},
title = {{IntelliJ IDEA}},
howpublished = {\url{https://www.jetbrains.com/idea}}
}
%%% J

@inproceedings{jiang2009indirect,
  title={Indirect adaptive routing on large scale interconnection networks},
  author={Jiang, Nan and Kim, John and Dally, William J},
  booktitle={ACM SIGARCH Computer Architecture News},
  volume={37},
  number={3},
  pages={220--231},
  year={2009},
  organization={ACM}
}




%%% K


@inproceedings{roope-intel-fv-i7,
author = {Roope Kaivola and Rajnish Ghughal and Naren Narasimhan and
 Amber Telfer and Jesse Whittemore and Sudhindra Pandav
  and Anna Slobodova and  Christopher Taylor and Vladimir Frolov
   and Erik Reeber and Armaghan Naik},
   title = { Replacing Testing with Formal Verification in {Intel} {CoreTM} {i7}
    Processor Execution Engine Validation},
    booktitle =  {CAV},
    year = 2009,
    pages = {414-429}}


@inproceedings{Kamil:2016:VLS:2908080.2908117,
 author = {Kamil, Shoaib and Cheung, Alvin and Itzhaky, Shachar and Solar-Lezama, Armando},
 title = {Verified Lifting of Stencil Computations},
 booktitle = {Proceedings of the 37th ACM SIGPLAN Conference on Programming Language Design and Implementation},
 series = {PLDI '16},
 year = {2016},
 isbn = {978-1-4503-4261-2},
 location = {Santa Barbara, CA, USA},
 pages = {711--726},
 numpages = {16},
 url = {http://doi.acm.org/10.1145/2908080.2908117},
 doi = {10.1145/2908080.2908117},
 acmid = {2908117},
 publisher = {ACM},
 address = {New York, NY, USA},
 keywords = {Domain-specific Languages, Program Synthesis, Verified Lifting},
} 

@misc{uplee-kanewala,
key = {metamorphic-hpc-testing},
author = {Uplee Kanewala},
note = {Application of Metamorphic Testing to HPC: Some examples},
howpublished = {\url{https://www.cs.montana.edu/upulee.kanewala/research.html}}
}


@article{kelly2008,
  title={The challenge of testing scientific software},
  author={Kelly, Diane and Sanders, Rebecca},
  journal={CAST 2008: Beyond the Boundaries},
  pages={30},
  year={2008},
  publisher={Citeseer}
}

@article{king:1976:symbolic,
	Address = {New York, NY, USA},
	Author = {James C. King},
	Date-Added = {2008-07-17 16:25:08 -0400},
	Date-Modified = {2010-01-14 11:50:45 -0500},
	Doi = {http://doi.acm.org/10.1145/360248.360252},
	Issn = {0001-0782},
	Journal = {Communications of the ACM},
	Number = {7},
	Pages = {385--394},
	Publisher = {ACM},
	Title = {Symbolic execution and program testing},
	Volume = {19},
	Year = {1976},
	Bdsk-Url-1 = {http://doi.acm.org/10.1145/360248.360252}}



%%% L

@misc{ClangStatic,
    key    = {Clang},
    title     = {Clang Static Analyzer},
    howpublished = {\url{https://clang-analyzer.llvm.org/}},
}

@misc{ATS,
    key    = {ATS},
    title     = {Automated Testing System ({ATS})},
    howpublished = {\url{http://computation.llnl.gov/research/mission-support/WCI/automated-testing-system}},
}

@article{leroy2004compcert,
  title={The CompCert verified compiler},
  author={Leroy, Xavier and others},
  journal={Development available at http://compcert. inria. fr},
  volume={2009},
  year={2004}
}

@article{leroy2009formal,
  title={Formal verification of a realistic compiler},
  author={Leroy, Xavier},
  journal={Communications of the ACM},
  volume={52},
  number={7},
  pages={107--115},
  year={2009},
  publisher={ACM}
}

@inproceedings{GKLEE,
 author = {Li, Guodong and Li, Peng and Sawaya, Geof and Gopalakrishnan, Ganesh and Ghosh, Indradeep and Rajan, Sreeranga P.},
 title = {GKLEE: Concolic Verification and Test Generation for GPUs},
 booktitle = {Proceedings of the 17th ACM SIGPLAN Symposium on Principles and Practice of Parallel Programming},
 series = {PPoPP '12},
 year = {2012},
 isbn = {978-1-4503-1160-1},
 location = {New Orleans, Louisiana, USA},
 pages = {215--224},
 numpages = {10},
 url = {http://doi.acm.org/10.1145/2145816.2145844},
 doi = {10.1145/2145816.2145844},
 acmid = {2145844},
 publisher = {ACM},
 address = {New York, NY, USA},
 keywords = {CUDA, GPU, automatic test generation, formal verification, parallelism, symbolic execution, virtual machine},
} 




%%% M

@incollection{meister-rstream,
  author       = {Meister, Benoit and Vasilache, Nicolas and Wohlford, David and Baskaran, Muthu and Leung, Allen and Lethin, Richard}, 
  title        = {R-Stream Compiler},
  booktitle    = {Encyclopedia of Parallel Computing},
  publisher    = {Springer},
  year         = 2011,
  editor       = {David Padua},
  pages        = {1756-1765}
}

@inproceedings{DBLP:conf/pldi/MendisBWKRPZA15,
  author    = {Charith Mendis and
               Jeffrey Bosboom and
               Kevin Wu and
               Shoaib Kamil and
               Jonathan Ragan{-}Kelley and
               Sylvain Paris and
               Qin Zhao and
               Saman P. Amarasinghe},
  title     = {Helium: lifting high-performance stencil kernels from stripped x86
               binaries to halide {DSL} code},
  booktitle = {Proceedings of the 36th {ACM} {SIGPLAN} Conference on Programming
               Language Design and Implementation, Portland, OR, USA, June 15-17,
               2015},
  pages     = {391--402},
  year      = {2015},
   
  url       = {http://doi.acm.org/10.1145/2737924.2737974},
  doi       = {10.1145/2737924.2737974},
  timestamp = {Fri, 05 Jun 2015 07:31:54 +0200},
  biburl    = {http://dblp.uni-trier.de/rec/bib/conf/pldi/MendisBWKRPZA15},
  bibsource = {dblp computer science bibliography, http://dblp.org}
}


@inproceedings{xsede13-porting-bug, 
 author = {Meng, Qingyu and Humphrey, Alan and Schmidt, John and Berzins, Martin},
 title = {Preliminary Experiences with the Uintah Framework on Intel Xeon Phi and Stampede},
 booktitle = {Proceedings of the Conference on Extreme Science and Engineering Discovery Environment: Gateway to Discovery (XSEDE)},
 year = {2013},
 pages = {48:1--48:8},
 numpages = {8},
} 

@misc{menzies-empirical-swe-SI2-2017,
howpublished = {\url{https://figshare.com/articles/Understanding_Software_Recent_Lessons_from_Empirical_Software_Engineering/4680961}},
author = {Tim Menzies},
title = {Understanding Software: Recent Lessons from 
 Empirical Software Engineering},
 note = {Talk presented at the SI2 PI meeting, Arlington, February 21},
 year = 2017}
 
@misc{ascac-2017,
title = {Exascale Computing Project -- Software},
author = {Paul Messina and Stephen Lee},
note = {ASCAC Meeting, Arlington, VA},
year = 2017,
howpublished = {\url
{https://science.energy.gov/~/media/ascr/ascac/pdf/meetings/201704/ECP_Update_ASCAC__20170419.pdf}}
}

@INPROCEEDINGS{Mirgorodskiy2006, 
author={A. V. Mirgorodskiy and N. Maruyama and B. P. Miller}, 
booktitle={Proceedings of the ACM/IEEE SC 2006 Conference}, 
title={Problem Diagnosis in Large-Scale Computing Environments}, 
year={2006}, 
pages={11-11}, 
month={Nov},
}



%%% N


@article{CACM2015amazon,
  title={How Amazon web services uses formal methods},
  author={Newcombe, Chris and Rath, Tim and Zhang, Fan and Munteanu, Bogdan and Brooker, Marc and Deardeuff, Michael},
  journal={Communications of the ACM},
  volume={58},
  number={4},
  pages={66--73},
  year={2015},
  publisher={ACM}
}



%%% O

%%% P


@inproceedings{SC'11,
    TITLE = {Efficient Data Race Detection for Distributed Memory Parallel Programs},
    AUTHOR = {Chang-Seo Park and Koushik Sen and Paul Hargrove and Costin Iancu},
    BOOKTITLE = {International Conference for High Performance Computing, Networking, Storage and Analysis (SC'11)},
    pages     = 51,
    publisher={ACM},  
    year = 2011,
    myconfname = {SC'11},
    myconfurl={http://sc11.supercomputing.org/},
    pdf={papers/upcthrille.pdf}
}


@inproceedings{ICS'13,
    TITLE = {Scaling Data Race Detection for Partitioned Global Address Space Programs},
    AUTHOR = {Chang-Seo Park and Koushik Sen and Costin Iancu},
    BOOKTITLE = {27th International Conference on Supercomputing (ICS'13)},
    year = 2013,
    pages     = {47-58},    
    publisher={ACM},
    myconfname={ICS'13},
    myconfurl={http://www.ics-conference.org/},
    pdf={papers/thrille-exp.pdf}
}


@inproceedings{PPoPP'13,
    TITLE = {Scaling Data Race Detection for Partitioned Global Address Space Programs (short paper)},
    AUTHOR = {Chang-Seo Park and Koushik Sen and Costin Iancu},
    BOOKTITLE = {18th ACM SIGPLAN Symposium on Principles and Practice of Parallel Programming},
    year = 2013,
    pages={305--306},
    publisher={ACM},
    myconfname={PPoPP'13},
    myconfurl={http://ppopp2013.ics.uci.edu/},
}

@misc{Pierce:SPLASHTalk2016,
  author = {Benjamin C. Pierce},
  title = {The Science of Deep Specification},
  month = nov,
  year = 2016,
  slides = {http://www.cis.upenn.edu/~bcpierce/papers/deepspec-splash2016.pdf},
  note = {Invited keynote at {\em SPLASH / OOPSLA}},
  plclub = {Yes},
  bcp = {Yes},
  slides = {http://www.cis.upenn.edu/~bcpierce/papers/deepspec-splash2016.pdf},
  video = {https://www.youtube.com/watch?v=IPNdsnRWBkk&t=5s},
  keys = {verification}
}

@article{puschel2005spiral,
  title={SPIRAL: Code generation for DSP transforms},
  author={Puschel, Markus and Moura, Jos{\'e} MF and Johnson, Jeremy R and Padua, David and Veloso, Manuela M and Singer, Bryan W and Xiong, Jianxin and Franchetti, Franz and Gacic, Aca and Voronenko, Yevgen and Kang Chen and Robert W. Johnson and Nicholas Rizzolo},
  journal={Proceedings of the IEEE},
  volume={93},
  number={2},
  pages={232--275},
  year={2005},
  publisher={IEEE}
}


%%% Q



@inproceedings{ICS'16,
TITLE = {SReplay: Deterministic Group Replay for One-Sided Communication},
AUTHOR = {Xuehai Qian and Koushik Sen and Paul Hargrove and Costin Iancu},
BOOKTITLE = {30th International Conference on Supercomputing (ICS'16)},
    year = 2016,
    publisher={ACM},
    myconfname={ICS'16},
    myconfurl={http://ics16.bilkent.edu.tr/},
    pdf={papers/sreplay.pdf}
}

@inproceedings{PPoPP'16,
    TITLE = {OPR: Deterministic Group Replay for One-Sided Communication},
    AUTHOR = {Xuehai Qian and Koushik Sen and Paul Hargrove and Costin Iancu},
    BOOKTITLE = {21st ACM SIGPLAN Symposium on Principles and Practice of Parallel Programming},
    year = 2016,
    publisher={ACM},
	note={Poster Paper},
    myconfname={PPoPP'16},
    myconfurl={http://conf.researchr.org/home/ppopp-2016},
    pdf={papers/opr.pdf}
}



%%% R

@inproceedings{DBLP:conf/pldi/Ragan-KelleyBAPDA13,
  author    = {Jonathan Ragan{-}Kelley and
               Connelly Barnes and
               Andrew Adams and
               Sylvain Paris and
               Fr{\'{e}}do Durand and
               Saman P. Amarasinghe},
  title     = {Halide: a language and compiler for optimizing parallelism, locality,
               and recomputation in image processing pipelines},
  booktitle = {{ACM} {SIGPLAN} Conference on Programming Language Design and Implementation,
               {PLDI} '13, Seattle, WA, USA, June 16-19, 2013},
  pages     = {519--530},
  year      = {2013},
  url       = {http://doi.acm.org/10.1145/2462156.2462176},
  doi       = {10.1145/2462156.2462176},
  timestamp = {Sun, 09 Jun 2013 12:32:52 +0200},
  biburl    = {http://dblp.uni-trier.de/rec/bib/conf/pldi/Ragan-KelleyBAPDA13},
  bibsource = {dblp computer science bibliography, http://dblp.org}
}

@inproceedings{ramananandro2016unified,
  title={A unified {Coq} framework for verifying {C} programs with floating-point computations},
  author={Ramananandro, Tahina and Mountcastle, Paul and Meister, Beno{\^\i}t and Lethin, Richard},
  booktitle={Proceedings of the 5th ACM SIGPLAN Conference on Certified Programs and Proofs},
  pages={15--26},
  year={2016},
  organization={ACM}
}

@misc{TotalView,
    key    = {Totalview },
    title     = {TotalView debugger},
    howpublished = {\url{http://www.roguewave.com/products-services/totalview}},
}


@inproceedings{SC'13,
    TITLE = {Precimonius: Tuning Assistant for Floating-Point Precision},
    AUTHOR = {Cindy Rubio-Gonzalez and Cuong Nguyen and Hong Diep Nguyen and James Demmel and William Kahan and Koushik Sen and David H. Bailey and Costin Iancu and David Hough},
    BOOKTITLE = {International Conference for High Performance Computing, Networking, Storage and Analysis (SC'13)},
    publisher={ACM},
    month={November},
    year = 2013,
    myconfname = {SC'13},
    myconfurl={http://sc13.supercomputing.org/},
    pdf={papers/precimonious.pdf}
}


@inproceedings{ICSE'16b,
    TITLE = {Floating-Point Precision Tuning Using Blame Analysis},
    AUTHOR = {Cindy Rubio-Gonzalez and Cuong Nguyen and Benjamin Mehne and Koushik Sen and James Demmel and William Kahan and Costin Iancu and Wim Lavrijsen and David H. Bailey and David Hough},
    BOOKTITLE = {38th International Conference on Software Engineering (ICSE'16)},
    publisher={IEEE},
    year = 2016,
    myconfname={ICSE'16},
    myconfurl={http://2016.icse.cs.txstate.edu/},
    pdf={papers/blame.pdf},
}






%%% S

@inproceedings{schordan2014verification,
  title={Verification of polyhedral optimizations with constant loop bounds in finite state space computations},
  author={Schordan, Markus and Lin, Pei-Hung and Quinlan, Dan and Pouchet, Louis-No{\"e}l},
  booktitle={International Symposium On Leveraging Applications of Formal Methods, Verification and Validation},
  pages={493--508},
  year={2014},
  organization={Springer}
}


@inproceedings{DBLP:conf/pldi/SharmaBA15,
  author    = {Rahul Sharma and
               Michael Bauer and
               Alex Aiken},
  title     = {Verification of producer-consumer synchronization in {GPU} programs},
  booktitle = {Proceedings of the 36th {ACM} {SIGPLAN} Conference on Programming
               Language Design and Implementation, Portland, OR, USA, June 15-17,
               2015},
  pages     = {88--98},
  year      = {2015},
  
  url       = {http://doi.acm.org/10.1145/2737924.2737962},
  doi       = {10.1145/2737924.2737962},
  timestamp = {Mon, 08 Jun 2015 07:44:52 +0200},
  biburl    = {http://dblp.uni-trier.de/rec/bib/conf/pldi/SharmaBA15},
  bibsource = {dblp computer science bibliography, http://dblp.org}
}

@inproceedings{DBLP:conf/vmcai/SiegelZ11,
  author    = {Stephen F. Siegel and
               Timothy K. Zirkel},
  title     = {Collective Assertions},
  booktitle = {Verification, Model Checking, and Abstract Interpretation - 12th International
               Conference, {VMCAI} 2011, Austin, TX, USA, January 23-25, 2011. Proceedings},
  pages     = {387--402},
  year      = {2011},
 
  url       = {http://dx.doi.org/10.1007/978-3-642-18275-4_27},
  doi       = {10.1007/978-3-642-18275-4_27},
  timestamp = {Tue, 15 Feb 2011 15:04:41 +0100},
  biburl    = {http://dblp.uni-trier.de/rec/bib/conf/vmcai/SiegelZ11},
  bibsource = {dblp computer science bibliography, http://dblp.org}
}

@article{siegel-zirkel:2011:tass-mcs,
	Author = {Stephen F. Siegel and Timothy K. Zirkel},
	Journal = {Mathematics in Computer Science},
	Number = {4},
	Pages = {395--426},
	Publisher = {Birkh\"auser Basel},
	Title = {{TASS}: The {T}oolkit for {A}ccurate {S}cientific {S}oftware},
	Volume = {5},
	Year = {2011}
}


@article{shewchuk1997adaptive,
  title={Adaptive precision floating-point arithmetic and fast robust geometric predicates},
  author={Shewchuk, Jonathan Richard},
  journal={Discrete \& Computational Geometry},
  volume={18},
  number={3},
  pages={305--363},
  year={1997},
  publisher={Springer}
}

@inproceedings{siegel-etal:2015:civl_sc,
  author = {Siegel, Stephen F. and Zheng, Manchun and Luo, Ziqing and
            Zirkel, Timothy K. and Marianiello, Andre V. and Edenhofner,
            John G. and Dwyer, Matthew B. and Rogers, Michael S.},
  title = {{CIVL}: The {C}oncurrency {I}ntermediate {V}erification {L}anguage},
  booktitle = {Proceedings of the International Conference for High
               Performance Computing, Networking, Storage and Analysis},
  series = {SC '15},
  year = {2015},
  isbn = {978-1-4503-3723-6},
  location = {Austin, Texas},
  pages = {61:1--61:12},
  articleno = {61},
  numpages = {12},
  url = {http://doi.acm.org/10.1145/2807591.2807635},
  doi = {10.1145/2807591.2807635},
  acmid = {2807635},
  publisher = {ACM},
  address = {New York},
  keywords = {CUDA, MPI, OpenMP, concurrency, intermediate representation,
              model checking, parallel programming, program transformation,
              pthreads, symbolic execution, verification}
} 


@inproceedings{fm15-fptaylor,
  author =	 {Alexey Solovyev and Charles Jacobsen and Zvonimir
                  Rakamari\'c and Ganesh Gopalakrishnan},
  title =	 {Rigorous Estimation of Floating-Point Round-off
                  Errors with {Symbolic} {Taylor} {Expansions}},
  booktitle =	 {Proceedings of the 20th International Symposium on
                  Formal Methods Formal (FM)},
  year =	 2015,
  pages =	 {532--550},
}
 

@inproceedings{spielman2004nearly,
  title={Nearly-linear time algorithms for graph partitioning, graph sparsification, and solving linear systems},
  author={Spielman, Daniel A and Teng, Shang-Hua},
  booktitle={Proceedings of the thirty-sixth annual ACM symposium on Theory of computing},
  pages={81--90},
  year={2004},
  organization={ACM}
}

@inproceedings{Stewart:2015:CC:2676726.2676985,
 author = {Stewart, Gordon and Beringer, Lennart and Cuellar, Santiago and Appel, Andrew W.},
 title = {Compositional CompCert},
 booktitle = {Proceedings of the 42Nd Annual ACM SIGPLAN-SIGACT Symposium on Principles of Programming Languages},
 series = {POPL '15},
 year = {2015},
 isbn = {978-1-4503-3300-9},
 location = {Mumbai, India},
 pages = {275--287},
 numpages = {13},
 url = {http://doi.acm.org/10.1145/2676726.2676985},
 doi = {10.1145/2676726.2676985},
 acmid = {2676985},
 publisher = {ACM},
 address = {New York, NY, USA},
 keywords = {compcert, compiler correctness},
} 

@misc{STNG,
key = {STNG},
title = {STNG: Automatically leverage GPUs for your high-performance computation with verified lifting},
howpublished = {\url{http://stng.uwplse.org/}}}

@techreport{sussman1992chaotic,
  title={Chaotic evolution of the solar system},
  author={Sussman, Gerald J and Wisdom, Jack},
  year={1992},
  institution={DTIC Document}
}

%%% T


%%% U

%%% V


%%% W


@inproceedings{WangZKS13,
  author    = {Xi Wang and
               Nickolai Zeldovich and
               M. Frans Kaashoek and
               Armando Solar{-}Lezama},
  title     = {Towards optimization-safe systems: analyzing the impact of undefined
               behavior},
  booktitle = {{ACM} {SIGOPS} 24th Symposium on Operating Systems Principles, {SOSP}
               '13, Farmington, PA, USA, November 3-6, 2013},
  pages     = {260--275},
  year      = {2013},
  
  url       = {http://doi.acm.org/10.1145/2517349.2522728},
  doi       = {10.1145/2517349.2522728},
  timestamp = {Thu, 17 Oct 2013 13:18:29 +0200},
  biburl    = {http://dblp.uni-trier.de/rec/bib/conf/sosp/WangZKS13},
  bibsource = {dblp computer science bibliography, http://dblp.org}
}

@phdthesis{WengPhD2016,
author = {Shu-Chun Weng},
title = {DeepSpec: Modular Certified Programming with Deep Specifications},
publisher = {Yale University Computer Science Department},
address = {New Haven CT},
year = {2016}
}



@inproceedings{DBLP:conf/popl/WickersonBSC17,
  author    = {John Wickerson and
               Mark Batty and
               Tyler Sorensen and
               George A. Constantinides},
  title     = {Automatically comparing memory consistency models},
  booktitle = {Proceedings of the 44th {ACM} {SIGPLAN} Symposium on Principles of
               Programming Languages, {POPL} 2017, Paris, France, January 18-20,
               2017},
  pages     = {190--204},
  year      = {2017},
 
  url       = {http://dl.acm.org/citation.cfm?id=3009838},
  timestamp = {Wed, 28 Dec 2016 13:22:29 +0100},
  biburl    = {http://dblp.uni-trier.de/rec/bib/conf/popl/WickersonBSC17},
  bibsource = {dblp computer science bibliography, http://dblp.org}
}

%%% X


%%% Y

@inproceedings{regehr-pldi11,
author = {Xuejun Yang and Yang Chen and Eric Eide  and John Regehr},
title = {{Finding and Understanding Bugs in C Compilers}},
booktitle = {{Proceedings of 32nd ACM SIGPLAN Conference on Programming Language Design and Implementation (PLDI 2011)}},
month = jun,
year = 2011}

@article{job-failures-in-hpc,
author = {Yulai Yuan and Yongwei Wu and Qiuping Wang and Guangwen Yang and Weimin Zheng 
 },
journal = {Computers \& Mathematics with Applications},
Volume = 63,  
month = jan,
year = 2012, 
howpublished = {\url{http://dx.doi.org/10.1016/j.camwa.2011.07.040}},
pages = {365â€“377}}





%%% Z


@INPROCEEDINGS{CIVL, 
author={M. Zheng and M. S. Rogers and Z. Luo and M. B. Dwyer and S. F. Siegel}, 
booktitle={2015 30th IEEE/ACM International Conference on Automated Software Engineering (ASE)}, 
title={CIVL: Formal Verification of Parallel Programs}, 
year={2015}, 
pages={830-835}, 
doi={10.1109/ASE.2015.99}, 
month={Nov},
}


%%%%%%%%%%%%%%%%%% PLEASE MOVE THESE TO THE APPROPRIATE SPOT!!!!!!...




@misc{KLOCWORK,
    key    = {Klockwork},
    title     = {{KLOCKWORK} {S}tatic {A}nalyzer},
    howpublished = {\url{http://www.klocwork.com/}},
}

@article{CACM:Debugging,
 author = {Laguna, Ignacio and Ahn, Dong H. and de Supinski, Bronis R. and Gamblin, Todd and Lee, Gregory L. and Schulz, Martin and Bagchi, Saurabh and Kulkarni, Milind and Zhou, Bowen and Chen, Zhezhe and Qin, Feng},
 title = {Debugging High-performance Computing Applications at Massive Scales},
 journal = {Communications of the ACM},
 issue_date = {September 2015},
 volume = {58},
 number = {9},
 month = aug,
 year = {2015},
 issn = {0001-0782},
 pages = {72--81},
 numpages = {10},
 url = {http://doi.acm.org/10.1145/2667219},
 doi = {10.1145/2667219},
 acmid = {2667219},
 publisher = {ACM},
 address = {New York, NY, USA},
} 

@misc{Valgrind,
key  = {Valgrind instrumentation framework},
    title     = {Valgrind instrumentation framework},
    howpublished = {\url{http://valgrind.org/ }},
}

@misc{IntelInspector,
    key    = {Intel Software},
    title     = {Intel Inspector},
    howpublished = {\url{https://software.intel.com/en-us/intel-inspector-xe}},
}

@misc{CUDAMEMCHECK,
    key    = {CUDA-MEMCHECK},
    title     = {{Nvidia CUDA-MEMCHECK} correctness checking tool},
    howpublished = {\url{http://docs.nvidia.com/cuda/cuda-memcheck/}},
}

@misc{ThreadSanitizer,
    key    = {Clang/LLVM Compiler},
    title     = {ThreadSanitizer data-race detector},
    howpublished = {\url{https://clang.llvm.org/docs/ThreadSanitizer.html}},
}

@misc{CLANGSANITAZERS,
    key    = {Clang/LLVM Compiler},
    title     = {Clang Sanitizers},
    howpublished = {\url{https://clang.llvm.org/docs/}},
}

@misc{INSURE++,
    key    = {Insure++},
    title     = {Insure++},
    howpublished = {\url{https://www.parasoft.com/product/insure/}},
}

@inproceedings{ARCHER,
  title={{ARCHER: effectively spotting data races in large OpenMP applications}},
  author={Atzeni, Simone and Gopalakrishnan, Ganesh and Rakamaric, Zvonimir and Ahn, Dong H and Laguna, Ignacio and Schulz, Martin and Lee, Gregory L and Protze, Joachim and M{\"u}ller, Matthias S},
  booktitle={2016 IEEE International Parallel and Distributed Processing Symposium, },
  pages={53--62},
  year={2016},
  organization={IEEE}
}

@article{GMRACE,
  title={Gmrace: Detecting data races in gpu programs via a low-overhead scheme},
  author={Zheng, Mai and Ravi, Vignesh T and Qin, Feng and Agrawal, Gagan},
  journal={IEEE Transactions on Parallel and Distributed Systems},
  volume={25},
  number={1},
  pages={104--115},
  year={2014},
  publisher={IEEE}
}

inproceedings{GKLEE,
 author = {Li, Guodong and Li, Peng and Sawaya, Geof and Gopalakrishnan, Ganesh and Ghosh, Indradeep and Rajan, Sreeranga P.},
 title = {GKLEE: Concolic Verification and Test Generation for GPUs},
 booktitle = {Proceedings of the 17th ACM SIGPLAN Symposium on Principles and Practice of Parallel Programming},
 series = {PPoPP '12},
 year = {2012},
 isbn = {978-1-4503-1160-1},
 location = {New Orleans, Louisiana, USA},
 pages = {215--224},
 numpages = {10},
 url = {http://doi.acm.org/10.1145/2145816.2145844},
 doi = {10.1145/2145816.2145844},
 acmid = {2145844},
 publisher = {ACM},
 address = {New York, NY, USA},
 keywords = {CUDA, GPU, automatic test generation, formal verification, parallelism, symbolic execution, virtual machine},
} 

@inproceedings{DTHREADS,
  title={Dthreads: efficient deterministic multithreading},
  author={Liu, Tongping and Curtsinger, Charlie and Berger, Emery D},
  booktitle={Proceedings of the Twenty-Third ACM Symposium on Operating Systems Principles},
  pages={327--336},
  year={2011},
  organization={ACM}
}

@incollection{MUST,
  title={{MUST: A scalable approach to runtime error detection in MPI programs}},
  author={Hilbrich, Tobias and Schulz, Martin and de Supinski, Bronis R and M{\"u}ller, Matthias S},
  booktitle={Tools for high performance computing 2009},
  pages={53--66},
  year={2010},
  publisher={Springer}
}

@inproceedings{UMPIRE,
  title={{Dynamic software testing of MPI applications with Umpire}},
  author={Vetter, Jeffrey S and De Supinski, Bronis R},
  booktitle={ ACM/IEEE 2000 Conference of Supercomputing},
  pages={51--51},
  year={2000},
  organization={IEEE}
}

@inproceedings{ISP,
  title={{ISP: a tool for model checking MPI programs}},
  author={Vakkalanka, Sarvani S and Sharma, Subodh and Gopalakrishnan, Ganesh and Kirby, Robert M},
  booktitle={Proceedings of the 13th ACM SIGPLAN Symposium on Principles and practice of parallel programming},
  pages={285--286},
  year={2008},
  organization={ACM}
}

@inproceedings{DAMPI,
  title={{A scalable and distributed dynamic formal verifier for MPI programs}},
  author={Vo, Anh and Aananthakrishnan, Sriram and Gopalakrishnan, Ganesh and De Supinski, Bronis R and Schulz, Martin and Bronevetsky, Greg},
  booktitle={High Performance Computing, Networking, Storage and Analysis (SC), 2010 International Conference for},
  pages={1--10},
  year={2010},
  organization={IEEE}
}

@inproceedings{FLOWCHECKER,
  title={{FlowChecker: Detecting bugs in MPI libraries via message flow checking}},
  author={Chen, Zhezhe and Gao, Qi and Zhang, Wenbin and Qin, Feng},
  booktitle={2010 International Conference for High Performance Computing, Networking, Storage and Analysis (SC)},
  pages={1--11},
  year={2010},
  organization={IEEE}
}

@inproceedings{AUTOMADED,
  title={{AutomaDeD: Automata-based debugging for dissimilar parallel tasks}},
  author={Bronevetsky, Greg and Laguna, Ignacio and Bagchi, Saurabh and de Supinski, Bronis R and Ahn, Dong H and Schulz, Martin},
  booktitle={2010 IEEE/IFIP International Conference on Dependable Systems and Networks (DSN)},
  pages={231--240},
  year={2010},
  organization={IEEE}
}

@inproceedings{PACTLaguna:2012,
 author = {Laguna, Ignacio and Ahn, Dong H. and de Supinski, Bronis R. and Bagchi, Saurabh and Gamblin, Todd},
 title = {{Probabilistic Diagnosis of Performance Faults in Large-scale Parallel Applications}},
 booktitle = {Proceedings of the 21st International Conference on Parallel Architectures and Compilation Techniques},
 series = {PACT '12},
 year = {2012},
 isbn = {978-1-4503-1182-3},
 location = {Minneapolis, Minnesota, USA},
 pages = {213--222},
 numpages = {10},
 url = {http://doi.acm.org/10.1145/2370816.2370848},
 doi = {10.1145/2370816.2370848},
 acmid = {2370848},
 publisher = {ACM},
 address = {New York, NY, USA},
 keywords = {diagnosis, distributed debugging, fault detection, markov models, mpi, slicing},
} 


@inproceedings{PRODOMETER,
 author = {Mitra, Subrata and Laguna, Ignacio and Ahn, Dong H. and Bagchi, Saurabh and Schulz, Martin and Gamblin, Todd},
 title = {{Accurate Application Progress Analysis for Large-scale Parallel Debugging}},
 booktitle = {{Proceedings of the 35th ACM SIGPLAN Conference on Programming Language Design and Implementation}},
 series = {PLDI '14},
 year = {2014},
 isbn = {978-1-4503-2784-8},
 location = {Edinburgh, United Kingdom},
 pages = {193--203},
 numpages = {11},
 url = {http://doi.acm.org/10.1145/2594291.2594336},
 doi = {10.1145/2594291.2594336},
 acmid = {2594336},
 publisher = {ACM},
 address = {New York, NY, USA},
 keywords = {MPI, dynamic analysis, high-performance computing, parallel debugging},
} 

@inproceedings{VRISHA,
  title={{Vrisha: using scaling properties of parallel programs for bug detection and localization}},
  author={Zhou, Bowen and Kulkarni, Milind and Bagchi, Saurabh},
  booktitle={Proceedings of the 20th international symposium on High performance distributed computing},
  pages={85--96},
  year={2011},
  organization={ACM}
}

@inproceedings{WUKONG,
  title={{WuKong: automatically detecting and localizing bugs that manifest at large system scales}},
  author={Zhou, Bowen and Too, Jonathan and Kulkarni, Milind and Bagchi, Saurabh},
  booktitle={Proceedings of the 22nd international symposium on High-performance parallel and distributed computing},
  pages={131--142},
  year={2013},
  organization={ACM}
}

@inproceedings{INTOVERFLOWS,
  title={Pinpointing scale-dependent integer overflow bugs in large-scale parallel applications},
  author={Laguna, Ignacio and Schulz, Martin},
  booktitle={Proceedings of the International Conference for High Performance Computing, Networking, Storage and Analysis},
  pages={19},
  year={2016},
  organization={IEEE Press}
}

@inproceedings{MPIWIZ,
 author = {Xue, Ruini and Liu, Xuezheng and Wu, Ming and Guo, Zhenyu and Chen, Wenguang and Zheng, Weimin and Zhang, Zheng and Voelker, Geoffrey},
 title = {{MPIWiz: Subgroup Reproducible Replay of Mpi Applications}},
 booktitle = {Proceedings of the 14th ACM SIGPLAN Symposium on Principles and Practice of Parallel Programming},
 series = {PPoPP '09},
 year = {2009},
 isbn = {978-1-60558-397-6},
 location = {Raleigh, NC, USA},
 pages = {251--260},
 numpages = {10},
 url = {http://doi.acm.org/10.1145/1504176.1504213},
 doi = {10.1145/1504176.1504213},
 acmid = {1504213},
 publisher = {ACM},
 address = {New York, NY, USA},
 keywords = {distributed debugging, message passing interface, non-determinism, record and replay},
} 

@inproceedings{RETROSPECT,
  title={{Retrospect: Deterministic replay of MPI applications for interactive distributed debugging}},
  author={Bouteiller, Aurelien and Bosilca, George and Dongarra, Jack},
  booktitle={European Parallel Virtual Machine/Message Passing Interface Usersâ€™ Group Meeting},
  pages={297--306},
  year={2007},
  organization={Springer}
}

@inproceedings{INTEGRATED:R&R,
  title={An integrated record\&replay mechanism for nondeterministic message passing programs},
  author={Kranzlm{\"u}ller, Dieter and Schaubschl{\"a}ger, Christian and Volkert, Jens},
  booktitle={European Parallel Virtual Machine/Message Passing Interface Usersâ€™ Group Meeting},
  pages={192--200},
  year={2001},
  organization={Springer}
}

@inproceedings{REMPI,
  title={Clock delta compression for scalable order-replay of non-deterministic parallel applications},
  author={Sato, Kento and Ahn, Dong H and Laguna, Ignacio and Lee, Gregory L and Schulz, Martin},
  booktitle={Proceedings of the International Conference for High Performance Computing, Networking, Storage and Analysis},
  pages={62},
  year={2015},
  organization={ACM}
}

@inproceedings{NINJA,
  title={{Noise Injection Techniques to Expose Subtle and Unintended Message Races}},
  author={Sato, Kento and Ahn, Dong H and Laguna, Ignacio and Lee, Gregory L and Schulz, Martin and Chambreau, Christopher M},
  booktitle={Proceedings of the 22nd ACM SIGPLAN Symposium on Principles and Practice of Parallel Programming},
  pages={89--101},
  year={2017},
  organization={ACM}
}

@inproceedings{STAT,
  title={Stack trace analysis for large scale debugging},
  author={Arnold, Dorian C and Ahn, Dong H and De Supinski, Bronis R and Lee, Gregory L and Miller, Barton P and Schulz, Martin},
  booktitle={ IEEE International Parallel and Distributed Processing Symposium},
  pages={1--10},
  year={2007},
  organization={IEEE}
}

@book{Eclipse,
  title={Eclipse IDE Pocket Guide},
  author={Burnette, Ed},
  year={2005},
  publisher={O'Reilly Media, Inc.}
}

@inproceedings{DMTRACKER,
  title={{DMTracker}: finding bugs in large-scale parallel programs by detecting anomaly in data movements},
  author={Gao, Qi and Qin, Feng and Panda, Dhabaleswar K},
  booktitle={Proceedings of the 2007 ACM/IEEE conference on Supercomputing},
  pages={15},
  year={2007},
  organization={ACM}
}

@inproceedings{MPISPIN,
  title={Model checking nonblocking {MPI} programs},
  author={Siegel, Stephen F},
  booktitle={International Workshop on Verification, Model Checking, and Abstract Interpretation},
  pages={44--58},
  year={2007},
  organization={Springer}
}

@inproceedings{Murthy:2016,
 author = {Murthy, Karthik and Paul, Sri Raj and Meel, Kuldeep S. and Cogumbreiro, Tiago and Mellor-Crummey, John},
 title = {Design and Verification of Distributed Phasers},
 booktitle = {Proceedings of the 22Nd International Conference on Euro-Par 2016: Parallel Processing - Volume 9833},
 year = {2016},
 isbn = {978-3-319-43658-6},
 pages = {405--418},
 numpages = {14},
 url = {http://dx.doi.org/10.1007/978-3-319-43659-3_30},
 doi = {10.1007/978-3-319-43659-3_30},
 acmid = {2991031},
 publisher = {Springer-Verlag New York, Inc.},
 address = {New York, NY, USA},
} 

@article{SPIN,
  title={The model checker SPIN},
  author={Holzmann, Gerard J.},
  journal={IEEE Transactions on software engineering},
  volume={23},
  number={5},
  pages={279--295},
  year={1997},
  publisher={IEEE}
}

@inproceedings{FSE'05,
    author={Koushik Sen and Darko Marinov and Gul Agha},
    title={{CUTE}: A Concolic Unit Testing Engine for {C}},
    booktitle={5th joint meeting of the European Software Engineering Conference and 
               ACM SIGSOFT Symposium on the Foundations of Software Engineering (ESEC/FSE'05) },
    pages = "263--272",
    year= 2005,
    publisher={ACM},
    myconfname={ESEC/FSE'05},
    myconfurl={http://esecfse05.di.fct.unl.pt/},
    ps={papers/C159-sen.ps},
    pdf={papers/C159-sen.pdf},
    tr={papers/cute-tr.pdf},
    slides = {slides/fse05.ppt},
    note={ACM SIGSOFT Distinguished Paper Award},
}

@inproceedings{PLDI'05,
  AUTHOR =       {Patrice Godefroid and Nils Klarlund and Koushik Sen},
  TITLE =        {{DART}: Directed Automated Random Testing},
  BOOKTITLE = {ACM SIGPLAN 2005 Conference on Programming Language Design and Implementation (PLDI'05)},
  pages = "213--223",
  year=2005,
    myconfname={PLDI'05},
    myconfurl={http://research.ihost.com/pldi2005/},
    ps={papers/dart.ps},
    pdf={papers/dart.pdf},
    slides={slides/dart-fm.ppt},
}

@inproceedings{SAcav06,
  author = 	 {Koushik Sen and Gul Agha}, 
  title = 	 {CUTE and jCUTE : Concolic Unit Testing and Explicit Path Model-Checking Tools},
  booktitle = {18th International Conference on Computer Aided Verification (CAV'06)},
  year = 2006,
  series = {Lecture Notes in Computer Science},
  publisher = {Springer},
  volume = 4144,
  pages = "419--423",
    myconfname={CAV'06},
    myconfurl={http://research.microsoft.com/floc06/cav.htm},
  ps={papers/cuteTool.ps},
  pdf={papers/cuteTool.pdf},
}

@inproceedings{SAhvc06,
  author = 	 {Koushik Sen and Gul Agha}, 
  title = 	 {A Race-Detection and Flipping Algorithm for Automated Testing of Multi-Threaded Programs},
  booktitle = { Haifa verification conference 2006 (HVC'06)},
  year = 2006,
  volume=4383,
  pages="166--182",
  series = {Lecture Notes in Computer Science},
  publisher = {Springer},
    myconfname={HVC'06},
    myconfurl={http://www.haifa.ibm.com/Workshops/verification2006/},
  ps={papers/ccute-haifa.ps},
}

@inproceedings{Spldi08,
    author={Koushik Sen},
    title={Race Directed Random Testing of Concurrent Programs},
    booktitle={ACM SIGPLAN Conference on
Programming Language Design and Implementation (PLDI'08)},
    year= 2008,
    pages="11--21",
    publisher={ACM},
    myconfname={PLDI'08},
    myconfurl={http://pldi2008.cs.ucr.edu/},
    pdf={papers/raced.pdf},
    ps={papers/raced.ps},
}

@inproceedings{JNPScav09,
  author = 	 {Pallavi Joshi and Mayur Naik and Chang-Seo Park and Koushik Sen}, 
  title = 	 {An Extensible Active Testing Framework for Concurrent Programs},
  booktitle = {21st International Conference on Computer Aided Verification (CAV'09)},
  year = 2009,
pages     = {675--681},
volume    = {5643},
  series = {Lecture Notes in Computer Science},
  publisher = {Springer},
    myconfname={CAV'09},
    myconfurl={http://www-cav2009.imag.fr/},
  pdf={papers/activetool.pdf},
  URL = {http://srl.cs.berkeley.edu/~ksen/calfuzzer/},
}

@misc{Chombo,
  title={Chombo software package for amr applications-design document},
  author={Colella, P and Graves, DT and Ligocki, TJ and Martin, DF and Modiano, D and Serafini, DB and Van Straalen, B},
  year={2000},
}

@article{PETSc,
  title={PETSc},
  author={Balay, Satish and Buschelman, Kris and Gropp, William D and Kaushik, Dinesh and Knepley, Matthew G and McInnes, Lois Curfman and Smith, Barry F and Zhang, Hong},
  journal={See http://www.mcs.anl.gov/petsc},
  year={2001}
}

@article{SUNDIALS,
  title={SUNDIALS: Suite of nonlinear and differential/algebraic equation solvers},
  author={Hindmarsh, Alan C and Brown, Peter N and Grant, Keith E and Lee, Steven L and Serban, Radu and Shumaker, Dan E and Woodward, Carol S},
  journal={ACM Transactions on Mathematical Software (TOMS)},
  volume={31},
  number={3},
  pages={363--396},
  year={2005},
  publisher={ACM}
}

@article{Trilinos,
  title={An overview of the Trilinos project},
  author={Heroux, Michael A and Bartlett, Roscoe A and Howle, Vicki E and Hoekstra, Robert J and Hu, Jonathan J and Kolda, Tamara G and Lehoucq, Richard B and Long, Kevin R and Pawlowski, Roger P and Phipps, Eric T and others},
  journal={ACM Transactions on Mathematical Software (TOMS)},
  volume={31},
  number={3},
  pages={397--423},
  year={2005},
  publisher={ACM}
}

@inproceedings{Uintah,
  title={Uintah: A massively parallel problem solving environment},
  author={Germain, J Davison de St and McCorquodale, John and Parker, Steven G and Johnson, Christopher R},
  booktitle={The Ninth International Symposium on High-Performance Distributed Computing, 2000. Proceedings.},
  pages={33--41},
  year={2000},
  organization={IEEE}
}

@misc{upc-thrille,
 title = {{UPC Thrille}},
 key = {{UPC Thrille}},
 howpublished = {\url{http://upc.lbl.gov/thrille.shtml}}, 
}

@misc{sv-comp,
 title = {{Annual SV-COMP competition}},
 key = {{Annual SV-COMP competition}}, 
 howpublished = {\url{https://sv-comp.sosy-lab.org/2017/}},
 }
 
 @misc{verify-this,
   title = {{VerifyThis competition}},
   key = {{VerifyThis competition}},
   howpublished = {\url{http://www.verifythis.org}},
 }